<record xmlns:xsi="http://www.w3.org/2001/XMLSchema-instance" xmlns="http://www.loc.gov/MARC21/slim" xsi:schemaLocation="http://www.loc.gov/MARC21/slim http://www.loc.gov/standards/marcxml/schema/MARC21slim.xsd">

  <leader>00484nam a2200157Ia 4500</leader>
  <datafield ind2=" " tag="020" ind1=" ">
    <subfield code="a">9968-917-01-X</subfield>
  </datafield>
  <datafield ind1=" " tag="090" ind2=" ">
    <subfield code="a">06.02.01 </subfield>
    <subfield code="b">1648</subfield>
  </datafield>
  <datafield ind2=" " tag="100" ind1=" ">
    <subfield code="a">Bolivar O., Ligia</subfield>
  </datafield>
  <datafield ind2=" " tag="245" ind1=" ">
    <subfield code="a">Sistematización de experiencias educativas en derechos humanos: Una guía para la acción / </subfield>
    <subfield code="c">Ligia Bolívar O</subfield>
  </datafield>
  <datafield ind1=" " tag="260" ind2=" ">
    <subfield code="a">San José, C.R. : IIDH</subfield>
  </datafield>
  <datafield tag="300" ind1=" " ind2=" ">
    <subfield code="a">32 páginas</subfield>
  </datafield>
  <datafield tag="490" ind1=" " ind2=" ">
    <subfield code="a">Cuadernos Pedagógicos No.5</subfield>
  </datafield>
  <datafield ind1=" " tag="650" ind2=" ">
    <subfield code="a">EDUCACION</subfield>
  </datafield>
  <datafield ind2=" " tag="650" ind1=" ">
    <subfield code="a">DERECHO A LA EDUCACION</subfield>
  </datafield>
  <datafield ind2=" " ind1=" " tag="650">
    <subfield code="a">DERECHOS HUMANOS</subfield>
  </datafield>
  <datafield ind2=" " ind1=" " tag="999">
    <subfield code="c">897</subfield>
    <subfield code="d">897</subfield>
  </datafield>
</record>